@misc{linkedin2023future,
  author = {LinkedIn Economic Graph},
  title = {Future of Work Report: AI},
  year = {2023},
  howpublished = {\url{https://economicgraph.linkedin.com/research/future-of-work-report-ai}},
}


@techreport{wids2024salary,
  author = {Women in Data Science (WiDS)},
  title = {DATA SCIENCE \& AI PROFESSIONALS SALARY REPORT},
  year = {2024},
  institution = {Women in Data Science (WiDS)},
  url = {https://www.widsworldwide.org/WiDS_2024_Data_Science_AI_Professionals_Salary_Report.pdf},
}


@manual{vmware1761player,
  title        = {VMware Workstation 17.6.1 Player Release Notes},
  author       = {{VMware, Inc.}},
  year         = {2024},
  month        = {October 10},
  note         = {Build 24319023},
  url          = {https://techdocs.broadcom.com/us/en/vmware-cis/desktop-hypervisors/workstation-pro/17-0/release-notes/vmware-workstation-1761-player-release-notes.html},
}


@manual{hadoop_cluster_setup,
  title        = {Hadoop Cluster Setup},
  author       = {{Apache Software Foundation}},
  year         = {2024},
  month        = {October 9},
  note         = {Version 3.4.1},
  url          = {https://hadoop.apache.org/docs/r3.4.1/hadoop-project-dist/hadoop-common/ClusterSetup.html},
}




@manual{pyspark_getting_started,
  title        = {Getting Started with PySpark},
  author       = {{Apache Software Foundation}},
  year         = {2024},
  month        = {December 17},
  note         = {Version 3.5.4},
  url          = {https://spark.apache.org/docs/latest/api/python/getting_started/index.html},
}

@manual{centos_download,
  title        = {Download - The CentOS Project},
  author       = {{The CentOS Project}},
  year         = {2025},
  url          = {https://www.centos.org/download/},
}


@misc{jahid2024global,
  author       = {Md. Shahidul Islam Jahid},
  title        = {Global AI, ML, and Data Science Salaries},
  year         = {2024},
  url          = {https://www.kaggle.com/datasets/msjahid/global-ai-ml-and-data-science-salaries},
  note         = {Accessed: February 5, 2025}
}

@misc{aijobs2024global,
  author       = {AI Jobs},
  title        = {Global Salaries in AI, ML, Data Science},
  year         = {2024},
  url          = {https://www.kaggle.com/datasets/aijobs/global-salaries-in-ai-ml-data-science},
  note         = {Accessed: February 5, 2025}
}

@misc{felinto2024eda,
  author       = {Gabriel Felinto},
  title        = {EDA: Salary Data Science (2020-2024)},
  year         = {2024},
  url          = {https://www.kaggle.com/code/gabrielfelinto/eda-salary-data-science-2020-2024},
  note         = {Accessed: February 5, 2025}
}

@misc{zangari2024jobs,
  author       = {Murilo Zangari},
  title        = {Jobs and Salaries in Data Field 2024},
  year         = {2024},
  url          = {https://www.kaggle.com/datasets/murilozangari/jobs-and-salaries-in-data-field-2024},
  note         = {Accessed: February 5, 2025}
}
